<?xml version="1.0" encoding="UTF-8"?><collection xmlns="http://www.loc.gov/MARC21/slim"><record><leader>00505nam--2200121-i-4500</leader><controlfield tag="001">000034971</controlfield><controlfield tag="002">20161230</controlfield><controlfield tag="005">20161230201040</controlfield><controlfield tag="008">060222s1000------------r-----000-0-eng-d</controlfield><datafield ind1=" " ind2=" " tag="080"><subfield code="a">030.3=40</subfield></datafield><datafield ind1=" " ind2=" " tag="245"><subfield code="a">Nouveau petit larousse illustre. dictionnaire encyclopedique. 70.000 articles, 4130 illustrations en noir, 52 hors-texte en couleurs et en noir, 150 cartes en noir, 28 hors-texte cartographiques en couleurs, 161-e edition, augmentee</subfield></datafield><datafield ind1=" " ind2=" " tag="260"><subfield code="a">Paris, Librairie Larousse, 1952, Iv + 1791p</subfield></datafield><datafield ind1=" " ind2=" " tag="852"><subfield code="a">D.101</subfield></datafield></record></collection>